%% This BibTeX bibliography file was created using BibDesk.
%% http://bibdesk.sourceforge.net/


%% Created for Dun Wang at 2016-03-08 03:49:14 -0500 


%% Saved with string encoding Unicode (UTF-8) 



@inproceedings{gphoton,
	Adsnote = {Provided by the SAO/NASA Astrophysics Data System},
	Adsurl = {http://adsabs.harvard.edu/abs/2014AAS...22432204F},
	Author = {{Fleming}, S.~W. and {Million}, C. and {Shiao}, B. and {Thompson}, R. and {Tseng}, S.-A. and {Rogers}, A. and {Smith}, M. and {White}, R.~L. and {Levay}, K.},
	Booktitle = {American Astronomical Society Meeting Abstracts \#224},
	Date-Added = {2016-03-08 08:48:17 +0000},
	Date-Modified = {2016-03-08 08:48:31 +0000},
	Eid = {322.04},
	Month = jun,
	Pages = {322.04},
	Series = {American Astronomical Society Meeting Abstracts},
	Title = {{gPhoton: A Time-Tagged Database of Every GALEX Photon and Early Science Results}},
	Volume = 224,
	Year = 2014}

@article{galex,
	Adsnote = {Provided by the SAO/NASA Astrophysics Data System},
	Adsurl = {http://adsabs.harvard.edu/abs/1999MmSAI..70..365B},
	Author = {{Bianchi}, L. and {GALEX Team}},
	Date-Added = {2016-03-08 08:46:44 +0000},
	Date-Modified = {2016-03-08 08:47:08 +0000},
	Journal = {\memsai},
	Title = {{The Galaxy Evolution Explorer (GALEX): an All Sky Ultraviolet Survey}},
	Volume = 70,
	Year = 1999}
